@phdthesis{Rem07,
  title={Heat transfer of oxy-fuel flames to glass},
  author={Remie, Marinus Jan Martin},
  journal={Dissertation Abstracts International},
  volume={68},
  number={04},
  year={2007}
}

@article{Som08,
  title={Ein beitrag zur hydrodynamischen erklaerung der turbulenten fluessigkeitsbewegungen},
  author={Sommerfeld, Arnold},
  journal={Atti del},
  volume={4},
  pages={116--124},
  year={1908}
}

 @misc{Sifsite,
title = {Foundations for offshore windfarms, oil and gas - Sif Group},
howpublished = {\url{https://sif-group.com/en/}},
note = {(Accessed on 09/19/2017)}
}

@article{HFK87,
title = "Forced convective heat transfer from premixed flames: —Part 1: Flame structure",
journal = "International Journal of Heat and Fluid Flow",
volume = "8",
number = "1",
pages = "55 - 63",
year = "1987",
issn = "0142-727X",
doi = "https://doi.org/10.1016/0142-727X(87)90051-8",
url = "\url{http://www.sciencedirect.com/science/article/pii/0142727X87900518}",
author = "G.K. Hargrave and M. Fairweather and J.K. Kilham",
keywords = "heat transfer",
keywords = "convection",
keywords = "flames",
keywords = "methane",
keywords = "aerodynamic structure"
}

@article{HFK872,
title = "Forced convective heat transfer from premixed flames —Part 2: Impingement heat transfer",
journal = "International Journal of Heat and Fluid Flow",
volume = "8",
number = "2",
pages = "132 - 138",
year = "1987",
issn = "0142-727X",
doi = "https://doi.org/10.1016/0142-727X(87)90013-0",
url = "\url{http://www.sciencedirect.com/science/article/pii/0142727X87900130}",
author = "G.K. Hargrave and M. Fairweather and J.K. Kilham",
keywords = "heat transfer",
keywords = "convection",
keywords = "flames",
keywords = "methane",
keywords = "impingement",
keywords = "stagnation point"
}

@misc{Sib52,
  title={Heat transfer near the forward stagnation point of a body of revolution},
  author={Sibulkin, Merwin},
  journal={Journal of the Aeronautical Sciences},
  volume={19},
  number={8},
  pages={570--571},
  year={1952},
  publisher={AMER INST AERONAUT ASTRONAUT 1801 ALEXANDER BELL DRIVE, STE 500, RESTON, VA 22091}
}

@article{RCS06,
  title={Flame jet properties of Bunsen-type flames},
  author={Remie, MJ and Cremers, MFG and Schreel, KRAM and De Goey, LPH},
  journal={Combustion and Flame},
  volume={147},
  number={3},
  pages={163--170},
  year={2006},
  publisher={Elsevier}
}

@book{WWR09,
  title={Fundamentals of momentum, heat, and mass transfer},
  author={Welty, James R and Wicks, Charles E and Rorrer, Gregory and Wilson, Robert E},
  pages = {227},
  year={2009},
  publisher={John Wiley \& Sons}
}

@phdthesis{Cre06,
  title={Heat transfer of oxy-fuel flames to glass: the role of chemistry and radiation},
  author={Cremers, Marcel Franciscus Gerardus},
  volume={68},
  number={01},
  year={2006}
}

@article{Bau96,
  title={A review of semi-analytical solutions for flame impingement heat transfer},
  author={Baukal, Charles E and Gebhart, Benjamin},
  journal={International journal of heat and mass transfer},
  volume={39},
  number={14},
  pages={2989--3002},
  year={1996},
  publisher={Elsevier}
}

@book{Coh07,
  title={Quantities, units and symbols in physical chemistry},
  author={Cohen, E Richard},
  year={2007},
  publisher={Royal Society of Chemistry}
}

@book{Tur00,
 place={Boston},
 title={An Introduction to combustion: concepts and applications},
 publisher={McGraw-Hill}, 
 author={Turns, Stephen R.}, 
 year={2000}
 }
 
 @booklet{Hir15,
 author = {Christoph Hirsch},
 title = {Technische Verbrennung},
 year = {2015},
 subtitle = {Einf{\"u}hrung in Theorie und Anwendungen technischer Verbrennungssysteme},
 note = {Technische Universit{\"a}t M{\"u}nchen}
 }
 
  @misc{Stagflame,
title = {Computaci{\'{o}}n Gr{\'{a}}fica, Proyectos},
howpublished = {\url{https://sites.google.com/site/opengl11dos/curso-2014-1}},
note = {(Accessed on 10/01/2017)}
}

@book{Bos02,
  title={Analysis of the heat flux method for measuring burning velocities},
  author={Bosschaart, Karel Joop},
  year={2002},
  publisher={Technische Universiteit Eindhoven Eindhoven, The Netherlands}
}

@misc{Energy,
author = {},
title = {Heat of combustion - encyclopedia article - Citizendium},
howpublished = {"\url{http://en.citizendium.org/wiki/Heat_of_combustion#Heating_values_of_some_common_fuels}"},
month = {},
year = {},
note = {(Accessed on 11/19/2017)}
}